@inproceedings{Johnson2013,
 author = {Johnson, J. Ian and Labich, Nicholas and Might, Matthew and Van Horn, David},
 title = {Optimizing Abstract Abstract Machines},
 booktitle = {Proceedings of the 18th ACM SIGPLAN International Conference on Functional Programming},
 series = {ICFP '13},
 year = {2013},
 isbn = {978-1-4503-2326-0},
 location = {Boston, Massachusetts, USA},
 pages = {443--454},
 numpages = {12},
 url = {http://doi.acm.org/10.1145/2500365.2500604},
 doi = {10.1145/2500365.2500604},
 acmid = {2500604},
 publisher = {ACM},
 address = {New York, NY, USA},
 keywords = {abstract interpretation, abstract machines},
}
